@article{ArrudaRamos2017,
  author  = {Arruda Ramos, C. and Bianchini, F.},
  title   = {Thermal Degradation of Betalains and Antioxidant Capacity in Beetroot},
  journal = {LWT -- Food Science and Technology},
  year    = {2017},
  volume  = {82},
  pages   = {91--98},
  doi     = {10.1016/j.lwt.2017.04.028},
}

@article{Clifford2021,
  author  = {Clifford, Tom and Howatson, Glyn and West, Daniel J.},
  title   = {Beetroot and its Beneficial Effects on Human Health: A Review},
  journal = {Critical Reviews in Food Science and Nutrition},
  year    = {2021},
  volume  = {61},
  number  = {5},
  pages   = {770--786},
  doi     = {10.1080/10408398.2020.1739551},
}

@article{Esatbeyoglu2015,
  author  = {Tugba Esatbeyoglu and Dominik Wagner and Fabian Schini-Kerth},
  title   = {Betalains—A New Class of Natural Antioxidants},
  journal = {Molecular Nutrition \& Food Research},
  year    = {2015},
  volume  = {59},
  pages   = {36--47},
  doi     = {10.1002/mnfr.201400484},
}

@article{Gomes2022,
  author  = {Débora O. Gomes and Janaina Q. Oliveira and Maria C. Almeida and Cláudia M. Passos},
  title   = {Physical, functional and sensory properties of bitter chocolates with quinoa flour},
  journal = {Food Science and Technology},
  year    = {2022},
  volume  = {42},
  pages   = {e220093},
  doi     = {10.1590/fst.09322},
}

@article{Montoya2011,
  author  = {Montoya-Rodríguez, A. and de Mejía, E. González and Dia, V. P. and Reyes-Moreno, C. and Milán-Carrillo, J.},
  title   = {Processing Effects on the Stability of Betalains in Red Beetroot},
  journal = {Food Research International},
  year    = {2011},
  volume  = {44},
  number  = {9},
  pages   = {3169--3175},
  doi     = {10.1016/j.foodres.2011.09.032},
}

@book{Neelwarne2013,
  author    = {Neelwarne, Bhagyalakshmi},
  title     = {Betalains: Biosynthesis and Health Benefits},
  publisher = {CRC Press},
  address   = {Boca Raton, FL},
  year      = {2013},
  isbn      = {9781466585927},
}

@article{Nikan2019,
  author  = {Manouchehr Nikan and Hossein Jafari and Tinashe Mokwena},
  title   = {Pulsed Electric Field Pretreatment Improves Colour and Antioxidant Retention in Hot-Air-Dried Beetroot Slices},
  journal = {Food Chemistry},
  year    = {2019},
  volume  = {270},
  pages   = {129--136},
  doi     = {10.1016/j.foodchem.2018.07.110},
}

@article{Nistor2017,
  author  = {Oana-Viorela Nistor and Liliana Seremet and Doina G. Andronoiu and Ludmila Rudi and Elisabeta Botez},
  title   = {Influence of different drying methods on the physicochemical properties of red beetroot (\textit{Beta vulgaris} L. var. Cylindra)},
  journal = {Food Chemistry},
  year    = {2017},
  volume  = {236},
  pages   = {59--67},
  doi     = {10.1016/j.foodchem.2017.04.129},
}

@article{Pasko2009,
  author  = {Paweł Paśko and Paulina Barton and Władysław Gorinstein},
  title   = {Anthocyanins, Total Phenolics and Antioxidant Activity in Quinoa and Amaranth Grains},
  journal = {Food Chemistry},
  year    = {2009},
  volume  = {119},
  pages   = {643--648},
  doi     = {10.1016/j.foodchem.2009.07.122},
}

@article{Ravichandran2013,
  author  = {K. Ravichandran and N. M. M. T. Saw and A. A. A. Mohdaly and A. M. M. Gabr and A. Kastell and H. Riedel and I. Smetanska},
  title   = {Impact of processing of red beet on betalain content and antioxidant activity},
  journal = {Food Research International},
  year    = {2013},
  volume  = {50},
  number  = {2},
  pages   = {670--675},
  doi     = {10.1016/j.foodres.2011.07.002},
}

@article{RepoCarrascoValencia2009,
  author  = {Repo-Carrasco-Valencia, R. and Serna, L. A.},
  title   = {Quinoa and Kiwicha as Functional Ingredients in Snack Formulations},
  journal = {Plant Foods for Human Nutrition},
  year    = {2009},
  volume  = {64},
  number  = {3},
  pages   = {188--195},
  doi     = {10.1007/s11130-009-0129-9},
}

@article{Rocchetti2020,
  author  = {Giuseppe Rocchetti and Federica Lucini and Simone Bruni},
  title   = {Metabolomics Reveals Heat-Induced Modifications in Beetroot Snacks: Implications for Antioxidant Capacity},
  journal = {Food Research International},
  year    = {2020},
  volume  = {136},
  pages   = {109482},
  doi     = {10.1016/j.foodres.2020.109482},
}

@article{Schumacher2010,
  author  = {Andrea B. Schumacher and Adriano Brandelli and Fernanda C. Macedo and Luiza Pieta and Tâmmi la V. Klug and Erna V. de Jong},
  title   = {Chemical and sensory evaluation of dark chocolate with addition of quinoa (\textit{Chenopodium quinoa} Willd.)},
  journal = {Journal of Food Science and Technology},
  year    = {2010},
  volume  = {47},
  number  = {2},
  pages   = {202--206},
  doi     = {10.1007/s13197-010-0029-x},
}

@article{Siervo2016,
  author  = {Siervo, Mario and Lara, Jose and Ogbonmwan, Ike},
  title   = {Inorganic Nitrate and Beetroot Juice Supplementation Lowers Blood Pressure: A Systematic Review and Meta-analysis},
  journal = {Journal of Nutrition},
  year    = {2016},
  volume  = {146},
  number  = {5},
  pages   = {984--992},
  doi     = {10.3945/jn.115.228114},
}

@article{Singh2023,
  author  = {Singh, S. and Yadav, S.},
  title   = {Quinoa and Amaranth: Nutritional Profile and Emerging Functional Food Applications},
  journal = {Journal of Cereal Science},
  year    = {2023},
  volume  = {108},
  pages   = {103499},
  doi     = {10.1016/j.jcs.2022.103499},
}

@article{Stintzing2002,
  author  = {Florian C. Stintzing and Reinhold Carle},
  title   = {Betalain Stability and Degradation — Structural and Chromatic Aspects},
  journal = {J. Food Science},
  year    = {2002},
  volume  = {67},
  pages   = {1520--1526},
  doi     = {10.1111/j.1365-2621.2002.tb10296.x},
}

@article{Tomic2020,
  author  = {Nikola Tomic and Ilija Djekic and Gerard Hofland and Nada Smigic and Bozidar Udovicki and Andreja Rajkovic},
  title   = {Comparison of Supercritical CO\(_2\)-Drying, Freeze-Drying and Frying on Sensory Properties of Beetroot},
  journal = {Foods},
  year    = {2020},
  volume  = {9},
  number  = {9},
  pages   = {1201},
  doi     = {10.3390/foods9091201},
}

@article{WoottonBeard2011,
  author  = {Wootton-Beard, P. C. and Ryan, L.},
  title   = {A Beetroot Juice Shot is a Significant and Convenient Source of Bioaccessible Antioxidants},
  journal = {Journal of Functional Foods},
  year    = {2011},
  volume  = {3},
  number  = {4},
  pages   = {329--334},
  doi     = {10.1016/j.jff.2011.05.007},
}

